%---updated 19th July 2010
@article{Robi:BLUP:1991,
    author = {Robinson, G. K.},
    title = {That {BLUP} Is a Good Thing: {T}he Estimation of Random Effects ({D}isc: P32-51)},
    year = {1991},
    journal = {Statistical Science},
    volume = {6},
    pages = {15--32}
}


@book{Pawi:in:2001,
    author = {Pawitan, Yudi},
    title = {In All Likelihood: Statistical Modelling and Inference Using Likelihood},
    year = {2001},
    publisher = {Oxford University Press}
}














@article{Rams:Dalz91,
    author = {Ramsay, J. O. and Dalzell, C. J.},
    title = {Some Tools for Functional Data Analysis},
    year = {1991},
    journal = {Journal of the Royal Statistical Society, Series B: Methodological},
    volume = {53},
    pages = {539--561},
}

@article{Eilers:Marx:96,
    author = {Eilers, Paul H. C. and Marx, Brian D.},
    title = {Flexible Smoothing with ${B}$-splines and Penalties},
    year = {1996},
    journal = {Statistical Science},
    volume = {11},
    pages = {89--102},
}

@book{DeBoor78,
    author = {De Boor, C.},
    title = {A Practical Guide to Splines},
    year = {1978},
    publisher = {Springer}
}


% ------------------------------------------------------------------------


@book{Harville:1997,
    author = {Harville, David A.},
    title = {Matrix Algebra from a Statistician's Perspective},
    year = {1997},
    publisher = {Springer-Verlag Inc}
}




@article{Hamlett,
	author = "Hamlett, Anthony and Louise Ryan and Russell Wolfinger ",
	title = "On the use of {PROC MIXED} to estimate correlation in the presence of repeated measures ",
	year = "2004",
	journal = "Proceedings of the Statistics and Data Analysis Section, SAS Users Group International",
	volume = "198-229",
	pages = "1�-7"
}


@article{HaslettHayes,
	author = "Haslett, John and Hayes, Kevin ",
	title = "Residuals for the linear model with general covariance structure",
	year = "1998",
	journal = "Journal of the Royal Statistical Society (Series B)",
	volume = "60",
	pages = "201�-215"
}

@article{Henderson50,
	author = "Henderson, CR and Oscar Kempthorne and  SR Searle and CM von Krosigk ",
	title = "The Estimation of Environmental and Genetic Trends from Records Subject to Culling",
	year = "1959",
	journal = "Biometrics",
	volume = "15",
	pages = "192�-218"
}
@article{Henderson53,
	author = "Henderson, CR",
	title = "Estimation of Variance and Covariance Components",
	year = "1953",
	journal = "Biometrics",
	volume = "9",
    number="2",
	pages = "226--252"
}

@article{Henderson59,
	author = "Henderson, CR and Oscar Kempthorne and  SR Searle and CM von Krosigk ",
	title = "The Estimation of Environmental and Genetic Trends from Records Subject to Culling",
	year = "1959",
	journal = "Biometrics",
	volume = "15",
	pages = "192�-218"
}
@article{Henderson63,
	author = "Henderson, CR and Oscar Kempthorne and  SR Searle and CM von Krosigk ",
	title = "The Estimation of Environmental and Genetic Trends from Records Subject to Culling",
	year = "1963",
	journal = "Biometrics",
	volume = "15",
	pages = "192�-218"
}
@article{Henderson73,
	author = "Henderson, CR and Oscar Kempthorne and  SR Searle and CM von Krosigk ",
	title = "The Estimation of Environmental and Genetic Trends from Records Subject to Culling",
	year = "1973",
	journal = "Biometrics",
	volume = "15",
	pages = "192�-218"
}
@article{Henderson84a,
	author = "Henderson, CR and Oscar Kempthorne and  SR Searle and CM von Krosigk ",
	title = "The Estimation of Environmental and Genetic Trends from Records Subject to Culling",
	year = "1984",
	journal = "Biometrics",
	volume = "15",
	pages = "192�-218"
}

@article{Hollis,
	author = "Hollis, S ",
	title = "Analysis of Method Comparison Studies",
	year = "1996",
	journal = "Ann Clin Biochem",
	volume = "33",
	pages = "1--4"
}


@misc {IUPAC,
   key="IUPAC",
   title = "{IUPAC} {C}ompendium of {C}hemical {T}erminology - the {G}old {B}ook",
   publisher = "International Union of Pure and Applied Chemistry",
   howpublished="\texttt{http://goldbook.iupac.org/R05293.html}",
   year = 2009
   }

@misc {NIST,
   key="NIST",
   title = "{C}esium Fountain Atomic Clock : The Primary Time and Frequency Standard for the {U}nited {S}tates",
   publisher = "National Institute For Standards and Technology (USA)",
   howpublished="http://tf.nist.gov/timefreq/cesium/fountain.htm",
   year = 2009
   }


@article{Kimura,
author="Kimura, DK ",
title="Functional comparative calibration using an EM algorithm",
year="1992",
journal="Biometrics",
Volume="48",
pages="1263-�1271"
}

@article{Kinsella,
author="Anthony Kinsella ",
title="Estimating Method Precision",
year="1986",
journal="The Statistician",
Volume="35",
pages="421--427"
}



@article{Krumm,
	author = "Krummenauer, Frank and Isabelle Genevriere  and Uwe Nixdorff",
	title = "The biometrical comparison of cardiac imaging methods",
	year = "2000",
	journal = "Computer Methods and Programs in Biomedicine",
	volume = "62",
	pages = "21�-34"
}


@article{Kummel,
	author = "CH Kummel",
	title = "Reduction of Observation equations which contain more than one observed quantity",
	year = "1879",
	journal = "The Analyst",
	volume = "6",
	pages = "97--105"
}

@article{Lam,
	author = "Lam, M and KA Webb and DE O'Donnell",
	title = "Correlation between two variables in repeated measurements",
	year = "1999",
	journal = "American Statistical Association, Proceedings of the Biometric Session",
	pages = "213-218"
}

@article{Lewis,
	author = "Lewis, P.A and Jones, PW and Polak, JW and Tillitson , HT",
	title = "The Problem of Conversion in Method Comparison Studies",
	year = "1991",
	journal = "Applied Statistics",
	volume = "40",
	pages = "105-112"
}

@article{lin,
	author = "Lin, Stan C and David M Whipple  and charles S Ho",
	title = "Evaluation of statistical equivalence using limits of agreement and associates sample size calculation",
	year = "1991",
	journal = "Communications in Statistics - Theory and Methods",
	volume = "27",
	number="6",
	pages = "1419--1432"
}


@article{LaiShiao,
author = "Lai, Dejian and Shyang-Yun Pamela K. Shiao",
title = "Comparing two clinical measurements: a linear mixed model approach",
year = "2005",
journal = "Journal of Applied Statistics",
volume = "32",
number="8",
pages = "855--860"
}

@article{lin2000,
author="LI Lin ",
title="Total deviation index for measuring individual agreement with applications in laboratory performance and bioequivalence",
year="2000",
journal="Statistics in medicine",
Volume="97",
pages="255--270"
}

@article{lin2002,
author="Lin,LI and AS Hedayat and B Sinha and M Yang ",
title="Statistical Methods in assessing agreement: Models Issues and Tools",
year="2002",
journal="Journal of American Statistical Association",
Volume="97",
pages="257--270"
}

@article{linnet93,
author="Kristian Linnet ",
title="Evaluation of regression procedures for method comparison studies",
year="1993",
journal="Clinical Chemistry",
Volume="39",
number="3",
pages="424--432"
}

@article{linnet98,
author="Kristian Linnet ",
title="Performance of Deming regression analysis
in case of misspecified analytical error ratio in method comparison studies",
year="1998",
journal="Clinical Chemistry",
Volume="44",
pages="1024--1031"
}


@article{linnet99,
author="Kristian Linnet ",
title="Necessary Sample Size for Method Comparison Studies Based on Regression Analysis ",
year="1999",
journal="Clinical Chemistry",
Volume="45",
number="6",
pages="882--894"
}


@article{ludbrook97,
	author = "Ludbrook, John ",
	title = "Comparing Methods of Measurement",
	year = "1997",
	journal = "Clinical and Experimental Pharmacology and Physiology",
	volume = "24",
	pages = "193�-203"
}
@article{ludbrook02,
	author = "Ludbrook, John ",
	title = "Statistical techniques for comparing measurers and Methods of measurement: a Critcal review",
	year = "2002",
	journal = "Clinical and Experimental Pharmacology and Physiology",
	volume = "29",
	pages = "527�-536"
}


@article{luiz,
	author = "Luiz, RR and AJL Costa and PL Kale and GL Werneck ",
	title = "Assessment of agreement of a quantitative variable: a new graphical approach",
	year = "2003",
	journal = "Journal of Clinical Epidemiology ",
	volume = "56",
	pages = "963�-967"
}


@article{LW82,
	author = "Laird , Nan M. and James H. Ware ",
	title = "Random-effects models for longitudinal data",
	year = "1982",
	journal = "Biometrics",
	volume = "38",
	number = "4",
	pages = "963--974"
}

@article{mantha,
	author="Mantha,Srinivas and Michael F. Roizen and Lee A. Fleisher and Ronald Thisted and Joseph Foss ",
	title="Comparing Methods of Clinical Measurement: Reporting Standards for Bland and Altman Analysis",
	year="2000",
	journal="Anaesthesia and Analgesia",
	Volume="90",
	pages="593--602"
	}

@Manual{MethComp,
    title = {MethComp: Functions for analysis of method comparison studies.},
    author = {Bendix Carstensen and Lyle Gurrin},
    year = {2010},
    note = {R package version 1.1-6},
    url = {http://www.pubhealth.ku.dk/~bxc/MethComp/},
  }


@article{Morgan,
	author = "Morgan, W. A.",
	title = "A Test for the Signicance of the Difference Between Two Variances in a Sample from a Normal Bivariate Population.",
	year = "1939",
	journal = "Biometrika",
	volume = "31",
	pages = "13--19"
}

@article{Myles,
	author = "Myles, P.S. ",
	title = "Using the {B}land {A}ltman method to measure agreement with repeated measures",
	year = "2007",
	journal = "British Journal of Anaesthesia",
	volume = "99",
	number = "3",
	pages = "309--311"
}

@misc{NCCLS,
   title = "Method comparison and bias estimation using patient samples; approved guidelines. Document EP9-A",
   publisher = "NCCLS",
   year = 1995,
   address = "Wayne, PA",
   }


@article{PattersonThompson,
	author = "Patterson, HD and R Thompson",
	title = "Recovery of inter-block information when block sizes are unequal",
	year = "1971",
	journal = "Biometrika",
	volume = "58",
	number ="3",
	pages = " 545-554"
}


@article{Petersen,
	author = "Petersen, Per Hyltoft and Dietmar St�ckl and Ole Blaabjerg and Bent Pedersen and Erling Birkemose and Linda Thienpont and Jens Flensted Lassen and Jens Kjeldsen",
	title = "Graphical interpretation of analytical data from comparison of a field method with a Reference Method by use of difference plots ",
	year = "1997",
	journal = "Clinical Chemistry",
	volume = "43",
	number ="11"
	pages = "2039�-2046"
}

@article{pizzi,
	author = "Pizzi, N.J. ",
	title = "Fuzzy pre-processing of gold standards as applied to biomedical spectra classification",
	year = "1999",
	journal = "Artificial Intelligence in Medicine",
	volume = "16",
	pages = "171�-182"
}

@article{Pitman,
	author = "Pitman, E. J. G.",
	title = "A Note on Normal Correlation.",
	year = "1939",
	journal = "Biometrika",
	volume = "31",
	pages = "9--12"
}


@article{pkc2006,
author="Choudhary, Pankaj K. and H.N. Nagaraja ",
title="Assessment of Agreement Under Non-standard Conditions Using
Regression Models for Mean and Variance",
year="2006",
journal="Biometrics",
Volume="62",
pages="288--29"
}
@article{pkc2008,
author="Choudhary, Pankaj K. and H.N. Nagaraja ",
title="Tests for assessment of agreement using probability criteria",
year="2008",
journal="Journal of Statistical Planning and Inference",
Volume="137",
Number="1",
pages="279--290"
}

@article{preisser,
	author = "John S Preisser",
	title = "Deletion diagnostics for generalised estimating equations",
	year = "1996",
	journal = "Biometrika",
	volume = "83",
	number = "3",
	pages = "551�-5562"
}


@article{PT71,
	author = "Paterson, HD and R Thompson",
	title = "Recovery of inter-block information when block sizes are unequal",
	year = "1971",
	journal = "Biometrika",
	volume = "58",
	number = "3",
	pages = "545�-554"
}

@BOOK{REMLDefine,
  AUTHOR =       {Yadolah Dodge},
  TITLE =        {The Oxford Dictionary of Statistical Terms},
  PUBLISHER =    {Oxford University Press},
  YEAR =         {2003},
}


@article{Robinson,
	author = "Robinson GK",
	title = "That BLUPS are a good thing: The Estimation of Random Effects",
	year = "1991",
	journal = "Statistical Science",
	volume = "6",
	number = "1",
	pages = "15--32"
}

@article{RoyBose,
	author = "Roy, SN and RC Bose",
	title = "Simultaneous confidence interval estimation",
	year = "1953",
	journal = "Annals of Mathematical Statistics",
	volume = "24",
	pages = "513--536"
}


@article{roy,
author="Anuradha Roy",
title="An Application of Linear Mixed Effects Model to Assess the Agreement Between Two Methods With Replicated Observations",
year="2009",
journal="Journal of Biopharmaceutical Statistics",
Volume="19",
pages="150--173"
}

@article{roy2006,
author="Anuradha Roy",
title="Estimating Correlation Coefficient between Two Variables with Repeated Observations using Mixed Effects Models. ",
year="2006",
journal="Biometric Journal",
Volume="2",
pages="286--301"
}
@article{singer,
	author = "Judith D. Singer",
	title = "Using SAS PROC MIXED to fit multilevel models, hierarchical models, and individual growth models",
	year = "1998",
	journal = " Journal of Educational and Behavioral Statistics",
	volume = "24",
	number = "4",
	pages = "323--355"
}


@article{StLaur,
	author = "St Laurent , R.T.",
	title = "Evaluating Agreement With a Gold Standard in Method Comparison Studies",
	year = "1998",
	journal = "Biometrics",
	volume = "54",
	number = "3",
	pages = "5237--545"
}

@article{Stockl,
	author = "Dietmar Stockl and Diego Rodriguez Cabaleiro and Katleen Van Uytfanghe and Linda M. Thienpont ",
	title = "Interpreting Method Comparison Studies by Use of the Bland�Altman Plot",
	year = "2004",
	journal = "Journal of Clinical Chemistry",
	volume = "50",
	number = "11",
	pages = "2216--2218"
}



@BOOK{Tippett,
  AUTHOR =       {Tippett, L.H.C.},
  TITLE =        {The Methods of Statistics},
  PUBLISHER =    {Williams and Norgate},
  YEAR =         {1931},
  address =      {London},
  edition =      {1st}
}


@article{Thompson,
	author = "Thompson, WA",
	title = "Precision of Simultaneous measurement procedures",
	year = "1963",
	journal = "Journal of American Statistical Association",
	volume = "58",
	pages = "474�-479"
}



@article{westgard73,
	author = "Westgard , J.O. and M.R. Hunt ",
	title = "Use and interpretation of common statistical tests in method-comparison studies",
	year = "1973",
	journal = "Clinical Chemistry",
	volume = "19",
	pages = "49�-57"
}


@article{Reid,
	author = "Clare L. Reid ",
	title = "Poor agreement between continuous measurements of energy expenditure and routinely used prediction equations in intensive care unit patients",
	year = "2004",
	journal = "Clinical Nutrition",
	volume = "50",
	number = "11",
	pages = "2216--2218"
}

@inproceedings{schabenberger,
	author = "Oliver Schabenberger",
	title = "Mixed Model Influence Diagnostics",
	year = "2004",
	journal = "Proceedings of the Twenty-Ninth Annual SAS Users Group International Conference",
	series= "189�29"
}


@article{student,
	author = "Gossett, William Sealy Gossett",
	title = "The probable error of a mean",
	year = "1908",
	journal = "Biometrika",
	volume = "6",
	number = "1",
	pages = "1�-25"
}


@article{zhang,
	author = "Zhang, Y and S Nitter-Hauge and H Ihlen and K Rootwelt and E Myhre ",
	title = "Measurement of aortic regurgitation by Doppler echocardiography",
	year = "1986",
	journal = "British Heart Journal ",
	volume = "55",
	pages = "32--38"
}


@article{Stockl,
	author = "Dietmar Stockl and Diego Rodriguez Cabaleiro and Katleen Van Uytfanghe and Linda M. Thienpont ",
	title = "Interpreting Method Comparison Studies by Use of the Bland�Altman Plot",
	year = "2004",
	journal = "Journal of Clinical Chemistry",
	volume = "50",
	number = "11",
	pages = "2216--2218"
}
@book{DunnSEME,
	author = "Graham Dunn",
	title = "Statistical Evaluation of Measurement Error",
	year = "2002",
	edition = "Second",
	publisher = "American Mathematical Society and Digital Press",
	address = "Stanford"
}


@BOOK{Cohen,
  AUTHOR =       "Cohen, J and P Cohen and SG West and LS Aiken ",
  TITLE =        "Applied multiple regression / correlation analysis for the behavioral sciences",
  PUBLISHER =    "Laurence Erlbaum Associates",
  edition =      "Third"
  YEAR =         "2003"
}

@BOOK{AltmanBook,
  AUTHOR =       "Altman, Douglas G.",
  TITLE =        "Practical Statistics for Medical Research",
  PUBLISHER =    "Chapman and Hall ",
  YEAR =         "1991"
}
@BOOK{Faraway,
  AUTHOR =       "Faraway, Julian J.",
  TITLE =        "Extending The Linear Model With R: Generalized Linear , Mixed Effects and Nonparametric Regression Models",
  PUBLISHER =    "Chapman and Hall / CRC",
  YEAR =         "2006"
}

@BOOK{Demi,
  AUTHOR =       "Demidenko, Eugene",
  TITLE =        "Mixed Models: Theory And Application",
  PUBLISHER =    "Wiley Interscience",
  YEAR =         "2004",
  address =      "Dartmouth College"
}
@BOOK{PB,
  AUTHOR =       "JC Pinheiro and DM Bates",
  TITLE =        "Mixed Effects Models in S and S plus",
  PUBLISHER =    "Springer",
  YEAR =         "1994",
  address =      "Reading, Massachusetts",
  edition =      "2nd"
}

@book{BrownPrescott,
	author = "Brown, Helen and Robin Prescott",
	title = "Applied Mixed Models In Medicine",
	year = "1999",
	Publisher="John Wiley and Sons"
}

@book{McCullSearle,
	author = "McCullough, CE and SR Searle",
	title = "Generalized , Linear and Mixed Models",
	year = "2001",
	Publisher="Wiley Interscience"
}

@book{Searle,
	author = "Searle, SR",
	title = "Linear Models",
	year = "1997",
	Publisher="Wiley classics Library"
}
